<?xml version="1.0" encoding="UTF-8"?><collection xmlns="http://www.loc.gov/MARC21/slim"><record><leader>00457nam--2200169-i-4500</leader><controlfield tag="001">000037790</controlfield><controlfield tag="002">20161230</controlfield><controlfield tag="005">20161230201041</controlfield><controlfield tag="008">060222s1000------------r-----000-0-eng-d</controlfield><datafield ind1=" " ind2=" " tag="040"><subfield code="a">IFIN-HH</subfield></datafield><datafield ind1=" " ind2=" " tag="080"><subfield code="a">535.375.5</subfield></datafield><datafield ind1="1" ind2=" " tag="100"><subfield code="a">Szymanski, Herman A</subfield></datafield><datafield ind1="1" ind2="0" tag="245"><subfield code="a">Raman spectroscopy</subfield><subfield code="b">Theory and practice</subfield><subfield code="c">HERMAN A. SZYMANSKI (Ed.)</subfield></datafield><datafield ind1=" " ind2=" " tag="260"><subfield code="a">New York</subfield><subfield code="b">Plenum Press</subfield><subfield code="c">1967</subfield></datafield><datafield ind1=" " ind2=" " tag="300"><subfield code="a">IX + 255P</subfield></datafield><datafield ind1=" " ind2=" " tag="852"><subfield code="a">37637</subfield><subfield code="c">535.33</subfield></datafield><datafield ind1=" " ind2=" " tag="CAT"><subfield code="a">Sys</subfield><subfield code="c">20101203</subfield><subfield code="h">095558</subfield></datafield></record></collection>